
@misc{openscanCloud, title={OpenScan Cloud}, url={https://en.openscan.eu/openscan-cloud}, journal={OpenScan}}

@misc{node-red, title={Node-RED}, url={https://nodered.org/}, journal={Node-RED}}
